<?xml version="1.0" encoding="UTF-8"?>
<SOAP-ENV:Envelope xmlns:SOAP-ENV="http://schemas.xmlsoap.org/soap/envelope/" xmlns:ns1="http://oss.dbc.dk/ns/openformat" xmlns:os="http://oss.dbc.dk/ns/ope
nsearch" xmlns:dc="http://purl.org/dc/elements/1.1/" xmlns:dkabm="http://biblstandard.dk/abm/namespace/dkabm/" xmlns:ISO639-2="http://lcweb.loc.gov/standard
s/iso639-2/" xmlns:dcmitype="http://purl.org/dc/dcmitype/" xmlns:dcterms="http://purl.org/dc/terms/" xmlns:ac="http://biblstandard.dk/ac/namespace/" xmlns:d
kdcplus="http://biblstandard.dk/abm/namespace/dkdcplus/" xmlns:oss="http://oss.dbc.dk/ns/osstypes" xmlns:marcx="info:lc/xmlns/marcxchange-v1" xmlns:xsi="htt
p://www.w3.org/2001/XMLSchema-instance" xmlns:foxml="info:fedora/fedora-system:def/foxml#" xsi:schemaLocation="info:fedora/fedora-system:def/foxml# http://w
ww.fedora.info/definitions/1/0/foxml1-1.xsd">
  <SOAP-ENV:Body>
    <ns1:formatRequest>
      <ns1:originalData>
<oclcRecords><oclcRecord><foxml:digitalObject VERSION="1.1" PID="870970-basis:24143627"
xmlns:foxml="info:fedora/fedora-system:def/foxml#"
xmlns:xsi="http://www.w3.org/2001/XMLSchema-instance"
xsi:schemaLocation="info:fedora/fedora-system:def/foxml# http://www.fedora.info/definitions/1/0/foxml1-1.xsd">
<foxml:objectProperties>
<foxml:property NAME="info:fedora/fedora-system:def/model#state" VALUE="Active"/>
<foxml:property NAME="info:fedora/fedora-system:def/model#label" VALUE=""/>
<foxml:property NAME="info:fedora/fedora-system:def/model#ownerId" VALUE=""/>
<foxml:property NAME="info:fedora/fedora-system:def/model#createdDate" VALUE="2013-05-16T12:09:10.819Z"/>
<foxml:property NAME="info:fedora/fedora-system:def/view#lastModifiedDate" VALUE="2013-05-16T12:09:10.884Z"/>
</foxml:objectProperties>
<foxml:datastream ID="AUDIT" STATE="A" CONTROL_GROUP="X" VERSIONABLE="false">
<foxml:datastreamVersion ID="AUDIT.0" LABEL="Audit Trail for this object" CREATED="2013-05-16T12:09:10.819Z" MIMETYPE="text/xml" FORMAT_URI="info:fedora/fedora-system:format/xml.fedora.audit">
<foxml:xmlContent>
<audit:auditTrail xmlns:audit="info:fedora/fedora-system:def/audit#">
<audit:record ID="AUDREC1">
<audit:process type="Fedora API-M"/>
<audit:action>modifyDatastreamByValue</audit:action>
<audit:componentID>RELS-SYS</audit:componentID>
<audit:responsibility>fedoraAdmin</audit:responsibility>
<audit:date>2013-05-16T12:09:10.884Z</audit:date>
<audit:justification></audit:justification>
</audit:record>
</audit:auditTrail>
</foxml:xmlContent>
</foxml:datastreamVersion>
</foxml:datastream>
<foxml:datastream ID="DC" STATE="A" CONTROL_GROUP="X" VERSIONABLE="false">
<foxml:datastreamVersion ID="DC.0" LABEL="" CREATED="2013-05-16T12:09:10.828Z" MIMETYPE="text/xml" SIZE="2442">
<foxml:xmlContent>
<oai_dc:dc xmlns:oai_dc="http://www.openarchives.org/OAI/2.0/oai_dc/" xmlns:dc="http://purl.org/dc/elements/1.1/" xmlns:xsi="http://www.w3.org/2001/XMLSchema-instance" xsi:schemaLocation="http://www.openarchives.org/OAI/2.0/oai_dc/ http://www.openarchives.org/OAI/2.0/oai_dc.xsd">
  <dc:title>the rough guide to the music of the appalachians</dc:title>
  <dc:title>MATCH:the ro</dc:title>
  <dc:subject>bluegrass</dc:subject>
  <dc:subject>country</dc:subject>
  <dc:subject>folk</dc:subject>
  <dc:subject>folkemusik</dc:subject>
  <dc:subject>instrumental</dc:subject>
  <dc:subject>old time</dc:subject>
  <dc:subject>vokal</dc:subject>
  <dc:subject>USA</dc:subject>
  <dc:subject>Appalacherne</dc:subject>
  <dc:subject>1990-1999</dc:subject>
  <dc:subject>2000-2009</dc:subject>
  <dc:publisher>world music network</dc:publisher>
  <dc:publisher>MATCHSTRING:world m</dc:publisher>
  <dc:contributor>MATCHSTRING:Rosenbergd</dc:contributor>
  <dc:contributor>MATCHSTRING:Blaken</dc:contributor>
  <dc:contributor>MATCHSTRING:the clinch mountain boys</dc:contributor>
  <dc:contributor>dan rosenberg</dc:contributor>
  <dc:contributor>nancy blake</dc:contributor>
  <dc:contributor>claire lynch</dc:contributor>
  <dc:contributor>rhonda vincent</dc:contributor>
  <dc:contributor>tom adams</dc:contributor>
  <dc:contributor>peter rowan</dc:contributor>
  <dc:contributor>del mccoury</dc:contributor>
  <dc:contributor>tony rice tony rice unit</dc:contributor>
  <dc:contributor>larry sparks</dc:contributor>
  <dc:contributor>ginny hawker</dc:contributor>
  <dc:contributor>ralph stanley</dc:contributor>
  <dc:contributor>rafe stefanini</dc:contributor>
  <dc:contributor>jeremy stephens</dc:contributor>
  <dc:contributor>joe thompson</dc:contributor>
  <dc:contributor>norman blake</dc:contributor>
  <dc:contributor>dock boggs</dc:contributor>
  <dc:contributor>karl shiflett</dc:contributor>
  <dc:contributor>the clinch mountain boys</dc:contributor>
  <dc:contributor>laurel canyon ramblers</dc:contributor>
  <dc:contributor>the cox family</dc:contributor>
  <dc:contributor>blue highway</dc:contributor>
  <dc:contributor>bluegrass album band</dc:contributor>
  <dc:date>2002</dc:date>
  <dc:type>Cd (musik)</dc:type>
  <dc:type>WORK:music</dc:type>
  <dc:identifier>870970-basis:24143627</dc:identifier>
  <dc:identifier>NUMBER:World Music NetworkRGNET 1104 CD</dc:identifier>
  <dc:language>Engelsk</dc:language>
</oai_dc:dc>
</foxml:xmlContent>
</foxml:datastreamVersion>
</foxml:datastream>
<foxml:datastream ID="commonData" STATE="A" CONTROL_GROUP="X" VERSIONABLE="false">
<foxml:datastreamVersion ID="commonData.0" LABEL="" CREATED="2013-05-16T12:09:10.829Z" MIMETYPE="text/xml" SIZE="16888">
<foxml:xmlContent>
<ting:container xmlns:ac="http://biblstandard.dk/ac/namespace/" xmlns:dc="http://purl.org/dc/elements/1.1/" xmlns:dcterms="http://purl.org/dc/terms/" xmlns:dkabm="http://biblstandard.dk/abm/namespace/dkabm/" xmlns:dkdcplus="http://biblstandard.dk/abm/namespace/dkdcplus/" xmlns:docbook="http://docbook.org/ns/docbook" xmlns:oss="http://oss.dbc.dk/ns/osstypes" xmlns:ting="http://www.dbc.dk/ting" xmlns:xsi="http://www.w3.org/2001/XMLSchema-instance"><dkabm:record><ac:identifier>24143627|870970</ac:identifier><ac:source>Bibliotekskatalog</ac:source><dc:title>The rough guide to the music of the Appalachians</dc:title><dc:title xsi:type="dkdcplus:full">The rough guide to the music of the Appalachians : mountain music - bluegrass, old-time, folk &amp; gospel</dc:title><dcterms:alternative>Appalachians</dcterms:alternative><dc:subject xsi:type="dkdcplus:DK5">78.7863</dc:subject><dc:subject xsi:type="dkdcplus:DK5-Text">Folkemusik. USA</dc:subject><dc:subject xsi:type="dkdcplus:DBCM">bluegrass</dc:subject><dc:subject xsi:type="dkdcplus:DBCM">country</dc:subject><dc:subject xsi:type="dkdcplus:genre">country</dc:subject><dc:subject xsi:type="dkdcplus:DBCM">folk</dc:subject><dc:subject xsi:type="dkdcplus:genre">folk</dc:subject><dc:subject xsi:type="dkdcplus:DBCM">folkemusik</dc:subject><dc:subject xsi:type="dkdcplus:genre">folkemusik</dc:subject><dc:subject xsi:type="dkdcplus:DBCM">instrumental</dc:subject><dc:subject xsi:type="dkdcplus:DBCM">old time</dc:subject><dc:subject xsi:type="dkdcplus:DBCM">vokal</dc:subject><dcterms:audience>voksenmaterialer</dcterms:audience><dc:publisher>World Music Network</dc:publisher><dc:contributor>Dan Rosenberg</dc:contributor><dc:contributor>Nancy Blake</dc:contributor><dc:contributor>Claire Lynch</dc:contributor><dc:contributor>Rhonda Vincent</dc:contributor><dc:contributor>Tom Adams</dc:contributor><dc:contributor>Peter Rowan</dc:contributor><dc:contributor>Del McCoury</dc:contributor><dc:contributor>Tony Rice (Tony Rice Unit)</dc:contributor><dc:contributor>Larry Sparks</dc:contributor><dc:contributor>Ginny Hawker</dc:contributor><dc:contributor>Ralph Stanley</dc:contributor><dc:contributor>Rafe Stefanini</dc:contributor><dc:contributor>Jeremy Stephens</dc:contributor><dc:contributor>Joe Thompson</dc:contributor><dc:contributor>Norman Blake</dc:contributor><dc:contributor>Dock Boggs</dc:contributor><dc:contributor>Karl Shiflett</dc:contributor><dc:contributor>The Clinch Mountain Boys</dc:contributor><dc:contributor>Laurel Canyon Ramblers</dc:contributor><dc:contributor>The Cox Family</dc:contributor><dc:contributor>Blue Highway</dc:contributor><dc:contributor>Bluegrass Album Band</dc:contributor><dc:date>2002</dc:date><dc:type xsi:type="dkdcplus:BibDK-Type">Cd (musik)</dc:type><dc:format>1 cd</dc:format><dc:identifier>World Music Network RGNET 1104 CD</dc:identifier><dc:language xsi:type="dcterms:ISO639-2">eng</dc:language><dc:language>Engelsk</dc:language><dcterms:hasPart xsi:type="dkdcplus:track">God spoke his name</dcterms:hasPart><dcterms:hasPart xsi:type="dkdcplus:track">Happy I&apos;ll be</dcterms:hasPart><dcterms:hasPart xsi:type="dkdcplus:track">My sweet love ain&apos;t around</dcterms:hasPart><dcterms:hasPart xsi:type="dkdcplus:track">Box elder beetles</dcterms:hasPart><dcterms:hasPart xsi:type="dkdcplus:track">Wild geese cry again</dcterms:hasPart><dcterms:hasPart xsi:type="dkdcplus:track">How long blues</dcterms:hasPart><dcterms:hasPart xsi:type="dkdcplus:track">Another lonesome morning</dcterms:hasPart><dcterms:hasPart xsi:type="dkdcplus:track">Jerusalem Ridge</dcterms:hasPart><dcterms:hasPart xsi:type="dkdcplus:track">Still climbing mountains</dcterms:hasPart><dcterms:hasPart xsi:type="dkdcplus:track">The old church yard</dcterms:hasPart><dcterms:hasPart xsi:type="dkdcplus:track">My warfare will soon be over</dcterms:hasPart><dcterms:hasPart xsi:type="dkdcplus:track">Two coats</dcterms:hasPart><dcterms:hasPart xsi:type="dkdcplus:track">I&apos;ve got no honey baby now</dcterms:hasPart><dcterms:hasPart xsi:type="dkdcplus:track">River of death</dcterms:hasPart><dcterms:hasPart xsi:type="dkdcplus:track">Hard times</dcterms:hasPart><dcterms:hasPart xsi:type="dkdcplus:track">Old corn liquor</dcterms:hasPart><dcterms:hasPart xsi:type="dkdcplus:track">Hello stranger</dcterms:hasPart><dcterms:hasPart xsi:type="dkdcplus:track">Wise county jail</dcterms:hasPart><dcterms:hasPart xsi:type="dkdcplus:track">The trail of the ancients</dcterms:hasPart><dcterms:spatial xsi:type="dkdcplus:DBCM">USA</dcterms:spatial><dcterms:spatial xsi:type="dkdcplus:DBCM">Appalacherne</dcterms:spatial><dcterms:temporal xsi:type="dkdcplus:DBCM">1990-1999</dcterms:temporal><dcterms:temporal xsi:type="dkdcplus:DBCM">2000-2009</dcterms:temporal></dkabm:record><marcx:collection xmlns:marcx="info:lc/xmlns/marcxchange-v1"><marcx:record format="danMARC2" type="Bibliographic"><marcx:leader>00000n    2200000   4500</marcx:leader><marcx:datafield ind1="0" ind2="0" tag="001"><marcx:subfield code="a">24143627</marcx:subfield><marcx:subfield code="b">870970</marcx:subfield><marcx:subfield code="c">20050824034812</marcx:subfield><marcx:subfield code="d">20020625</marcx:subfield><marcx:subfield code="f">a</marcx:subfield></marcx:datafield><marcx:datafield ind1="0" ind2="0" tag="004"><marcx:subfield code="r">n</marcx:subfield><marcx:subfield code="a">e</marcx:subfield></marcx:datafield><marcx:datafield ind1="0" ind2="0" tag="005"><marcx:subfield code="h">e</marcx:subfield></marcx:datafield><marcx:datafield ind1="0" ind2="0" tag="008"><marcx:subfield code="t">s</marcx:subfield><marcx:subfield code="u">f</marcx:subfield><marcx:subfield code="a">2002</marcx:subfield><marcx:subfield code="b">xx</marcx:subfield><marcx:subfield code="l">eng</marcx:subfield><marcx:subfield code="v">0</marcx:subfield></marcx:datafield><marcx:datafield ind1="0" ind2="0" tag="009"><marcx:subfield code="a">s</marcx:subfield><marcx:subfield code="g">xc</marcx:subfield></marcx:datafield><marcx:datafield ind1="0" ind2="0" tag="021"><marcx:subfield code="d">kr. 159,00</marcx:subfield></marcx:datafield><marcx:datafield ind1="0" ind2="0" tag="023"><marcx:subfield code="a">0605633110425</marcx:subfield></marcx:datafield><marcx:datafield ind1="0" ind2="0" tag="032"><marcx:subfield code="x">SFG200229</marcx:subfield><marcx:subfield code="x">DAT990535</marcx:subfield></marcx:datafield><marcx:datafield ind1="0" ind2="0" tag="039"><marcx:subfield code="a">fol</marcx:subfield><marcx:subfield code="b">us</marcx:subfield></marcx:datafield><marcx:datafield ind1="0" ind2="0" tag="245"><marcx:subfield code="a">The ¤rough guide to the music of the Appalachians</marcx:subfield><marcx:subfield code="c">mountain music - bluegrass, old-time, folk &amp; gospel</marcx:subfield><marcx:subfield code="e">compiled by Dan Rosenberg</marcx:subfield></marcx:datafield><marcx:datafield ind1="0" ind2="0" tag="260"><marcx:subfield code="a">London</marcx:subfield><marcx:subfield code="b">World Music Network</marcx:subfield><marcx:subfield code="c">p 2002</marcx:subfield></marcx:datafield><marcx:datafield ind1="0" ind2="0" tag="300"><marcx:subfield code="n">1 cd</marcx:subfield></marcx:datafield><marcx:datafield ind1="0" ind2="0" tag="512"><marcx:subfield code="i">På cd&apos;en</marcx:subfield><marcx:subfield code="t">Appalachians</marcx:subfield></marcx:datafield><marcx:datafield ind1="0" ind2="0" tag="531"><marcx:subfield code="a">Indhold:</marcx:subfield></marcx:datafield><marcx:datafield ind1="0" ind2="0" tag="538"><marcx:subfield code="f">World Music Network</marcx:subfield><marcx:subfield code="g">RGNET 1104 CD</marcx:subfield></marcx:datafield><marcx:datafield ind1="0" ind2="0" tag="652"><marcx:subfield code="m">78.7863</marcx:subfield></marcx:datafield><marcx:datafield ind1="0" ind2="0" tag="666"><marcx:subfield code="0"></marcx:subfield><marcx:subfield code="m">bluegrass</marcx:subfield><marcx:subfield code="m">country</marcx:subfield><marcx:subfield code="m">old time</marcx:subfield><marcx:subfield code="m">folkemusik</marcx:subfield><marcx:subfield code="m">folk</marcx:subfield><marcx:subfield code="n">vokal</marcx:subfield><marcx:subfield code="n">instrumental</marcx:subfield><marcx:subfield code="p">1990-1999</marcx:subfield><marcx:subfield code="p">2000-2009</marcx:subfield><marcx:subfield code="l">USA</marcx:subfield><marcx:subfield code="l">Appalacherne</marcx:subfield></marcx:datafield><marcx:datafield ind1="0" ind2="0" tag="700"><marcx:subfield code="a">Rosenberg</marcx:subfield><marcx:subfield code="h">Dan</marcx:subfield></marcx:datafield><marcx:datafield ind1="0" ind2="0" tag="700"><marcx:subfield code="a">Blake</marcx:subfield><marcx:subfield code="h">Nancy</marcx:subfield></marcx:datafield><marcx:datafield ind1="0" ind2="0" tag="710"><marcx:subfield code="a">The ¤Clinch Mountain Boys</marcx:subfield></marcx:datafield><marcx:datafield ind1="0" ind2="0" tag="770"><marcx:subfield code="å">11</marcx:subfield><marcx:subfield code="a">Lynch</marcx:subfield><marcx:subfield code="h">Claire</marcx:subfield></marcx:datafield><marcx:datafield ind1="0" ind2="0" tag="770"><marcx:subfield code="å">13</marcx:subfield><marcx:subfield code="a">Vincent</marcx:subfield><marcx:subfield code="h">Rhonda</marcx:subfield></marcx:datafield><marcx:datafield ind1="0" ind2="0" tag="770"><marcx:subfield code="å">14</marcx:subfield><marcx:subfield code="a">Adams</marcx:subfield><marcx:subfield code="h">Tom</marcx:subfield></marcx:datafield><marcx:datafield ind1="0" ind2="0" tag="770"><marcx:subfield code="å">15</marcx:subfield><marcx:subfield code="a">Rowan</marcx:subfield><marcx:subfield code="h">Peter</marcx:subfield></marcx:datafield><marcx:datafield ind1="0" ind2="0" tag="770"><marcx:subfield code="å">16</marcx:subfield><marcx:subfield code="A">maccoury</marcx:subfield><marcx:subfield code="a">McCoury</marcx:subfield><marcx:subfield code="h">Del</marcx:subfield></marcx:datafield><marcx:datafield ind1="0" ind2="0" tag="770"><marcx:subfield code="å">18</marcx:subfield><marcx:subfield code="a">Rice</marcx:subfield><marcx:subfield code="h">Tony</marcx:subfield><marcx:subfield code="e">Tony Rice Unit</marcx:subfield></marcx:datafield><marcx:datafield ind1="0" ind2="0" tag="770"><marcx:subfield code="å">20</marcx:subfield><marcx:subfield code="a">Sparks</marcx:subfield><marcx:subfield code="h">Larry</marcx:subfield></marcx:datafield><marcx:datafield ind1="0" ind2="0" tag="770"><marcx:subfield code="å">21</marcx:subfield><marcx:subfield code="a">Hawker</marcx:subfield><marcx:subfield code="h">Ginny</marcx:subfield></marcx:datafield><marcx:datafield ind1="0" ind2="0" tag="770"><marcx:subfield code="å">22</marcx:subfield><marcx:subfield code="a">Stanley</marcx:subfield><marcx:subfield code="h">Ralph</marcx:subfield></marcx:datafield><marcx:datafield ind1="0" ind2="0" tag="770"><marcx:subfield code="å">23</marcx:subfield><marcx:subfield code="a">Stefanini</marcx:subfield><marcx:subfield code="h">Rafe</marcx:subfield></marcx:datafield><marcx:datafield ind1="0" ind2="0" tag="770"><marcx:subfield code="å">25</marcx:subfield><marcx:subfield code="a">Stephens</marcx:subfield><marcx:subfield code="h">Jeremy</marcx:subfield></marcx:datafield><marcx:datafield ind1="0" ind2="0" tag="770"><marcx:subfield code="å">26</marcx:subfield><marcx:subfield code="a">Thompson</marcx:subfield><marcx:subfield code="h">Joe</marcx:subfield></marcx:datafield><marcx:datafield ind1="0" ind2="0" tag="770"><marcx:subfield code="å">27</marcx:subfield><marcx:subfield code="a">Blake</marcx:subfield><marcx:subfield code="h">Norman</marcx:subfield></marcx:datafield><marcx:datafield ind1="0" ind2="0" tag="770"><marcx:subfield code="å">28</marcx:subfield><marcx:subfield code="a">Boggs</marcx:subfield><marcx:subfield code="h">Dock</marcx:subfield></marcx:datafield><marcx:datafield ind1="0" ind2="0" tag="770"><marcx:subfield code="å">29</marcx:subfield><marcx:subfield code="a">Shiflett</marcx:subfield><marcx:subfield code="h">Karl</marcx:subfield></marcx:datafield><marcx:datafield ind1="0" ind2="0" tag="780"><marcx:subfield code="å">12</marcx:subfield><marcx:subfield code="a">Laurel Canyon Ramblers</marcx:subfield></marcx:datafield><marcx:datafield ind1="0" ind2="0" tag="780"><marcx:subfield code="å">17</marcx:subfield><marcx:subfield code="a">The ¤Cox Family</marcx:subfield></marcx:datafield><marcx:datafield ind1="0" ind2="0" tag="780"><marcx:subfield code="å">19</marcx:subfield><marcx:subfield code="a">Blue Highway</marcx:subfield></marcx:datafield><marcx:datafield ind1="0" ind2="0" tag="780"><marcx:subfield code="å">24</marcx:subfield><marcx:subfield code="a">Bluegrass Album Band</marcx:subfield></marcx:datafield><marcx:datafield ind1="0" ind2="0" tag="795"><marcx:subfield code="å">11</marcx:subfield><marcx:subfield code="a">God spoke his name</marcx:subfield></marcx:datafield><marcx:datafield ind1="0" ind2="0" tag="795"><marcx:subfield code="å">12</marcx:subfield><marcx:subfield code="a">Happy I&apos;ll be</marcx:subfield></marcx:datafield><marcx:datafield ind1="0" ind2="0" tag="795"><marcx:subfield code="å">13</marcx:subfield><marcx:subfield code="a">My sweet love ain&apos;t around</marcx:subfield></marcx:datafield><marcx:datafield ind1="0" ind2="0" tag="795"><marcx:subfield code="å">14</marcx:subfield><marcx:subfield code="a">Box elder beetles</marcx:subfield></marcx:datafield><marcx:datafield ind1="0" ind2="0" tag="795"><marcx:subfield code="å">15</marcx:subfield><marcx:subfield code="a">Wild geese cry again</marcx:subfield></marcx:datafield><marcx:datafield ind1="0" ind2="0" tag="795"><marcx:subfield code="å">16</marcx:subfield><marcx:subfield code="a">How long blues</marcx:subfield></marcx:datafield><marcx:datafield ind1="0" ind2="0" tag="795"><marcx:subfield code="å">17</marcx:subfield><marcx:subfield code="a">Another lonesome morning</marcx:subfield></marcx:datafield><marcx:datafield ind1="0" ind2="0" tag="795"><marcx:subfield code="å">18</marcx:subfield><marcx:subfield code="a">Jerusalem Ridge</marcx:subfield></marcx:datafield><marcx:datafield ind1="0" ind2="0" tag="795"><marcx:subfield code="å">19</marcx:subfield><marcx:subfield code="a">Still climbing mountains</marcx:subfield></marcx:datafield><marcx:datafield ind1="0" ind2="0" tag="795"><marcx:subfield code="å">20</marcx:subfield><marcx:subfield code="a">The ¤old church yard</marcx:subfield></marcx:datafield><marcx:datafield ind1="0" ind2="0" tag="795"><marcx:subfield code="å">21</marcx:subfield><marcx:subfield code="a">My warfare will soon be over</marcx:subfield></marcx:datafield><marcx:datafield ind1="0" ind2="0" tag="795"><marcx:subfield code="å">22</marcx:subfield><marcx:subfield code="a">Two coats</marcx:subfield><marcx:subfield code="e">Ralph Stanley &amp; the Clinch Mountain Boys</marcx:subfield></marcx:datafield><marcx:datafield ind1="0" ind2="0" tag="795"><marcx:subfield code="å">23</marcx:subfield><marcx:subfield code="a">I&apos;ve got no honey baby now</marcx:subfield></marcx:datafield><marcx:datafield ind1="0" ind2="0" tag="795"><marcx:subfield code="å">24</marcx:subfield><marcx:subfield code="a">River of death</marcx:subfield></marcx:datafield><marcx:datafield ind1="0" ind2="0" tag="795"><marcx:subfield code="å">25</marcx:subfield><marcx:subfield code="a">Hard times</marcx:subfield></marcx:datafield><marcx:datafield ind1="0" ind2="0" tag="795"><marcx:subfield code="å">26</marcx:subfield><marcx:subfield code="a">Old corn liquor</marcx:subfield></marcx:datafield><marcx:datafield ind1="0" ind2="0" tag="795"><marcx:subfield code="å">27</marcx:subfield><marcx:subfield code="a">Hello stranger</marcx:subfield><marcx:subfield code="e">Norman &amp; Nancy Blake</marcx:subfield></marcx:datafield><marcx:datafield ind1="0" ind2="0" tag="795"><marcx:subfield code="å">28</marcx:subfield><marcx:subfield code="a">Wise county jail</marcx:subfield></marcx:datafield><marcx:datafield ind1="0" ind2="0" tag="795"><marcx:subfield code="å">29</marcx:subfield><marcx:subfield code="a">The ¤trail of the ancients</marcx:subfield><marcx:subfield code="e">Karl Shiflett &amp; Big Country Show</marcx:subfield></marcx:datafield><marcx:datafield ind1="0" ind2="0" tag="795"><marcx:subfield code="å">99</marcx:subfield><marcx:subfield code="y">0</marcx:subfield><marcx:subfield code="a">2 coats</marcx:subfield></marcx:datafield><marcx:datafield ind1="0" ind2="0" tag="990"><marcx:subfield code="a">SFG</marcx:subfield><marcx:subfield code="o">200229</marcx:subfield><marcx:subfield code="c">C</marcx:subfield></marcx:datafield><marcx:datafield ind1="0" ind2="0" tag="996"><marcx:subfield code="a">DBC</marcx:subfield></marcx:datafield></marcx:record></marcx:collection><adminData><creationDate>2005-03-01</creationDate><libraryType>none</libraryType><indexingAlias>danmarcxchange</indexingAlias><accessType>physical</accessType><collectionIdentifier>870970-basis</collectionIdentifier></adminData></ting:container>
</foxml:xmlContent>
</foxml:datastreamVersion>
</foxml:datastream>
<foxml:datastream ID="localData.870970-basis" STATE="A" CONTROL_GROUP="X" VERSIONABLE="false">
<foxml:datastreamVersion ID="localData.870970-basis.0" LABEL="" CREATED="2013-05-16T12:09:10.829Z" MIMETYPE="text/xml" SIZE="750">
<foxml:xmlContent>
<ting:localData xmlns:ting="http://www.dbc.dk/ting"><marcx:record xmlns:marcx="info:lc/xmlns/marcxchange-v1" format="danMARC2" type="BibliographicLocal"><marcx:datafield ind1="0" ind2="0" tag="d08"><marcx:subfield code="o">pst</marcx:subfield><marcx:subfield code="k">dnj</marcx:subfield></marcx:datafield><marcx:datafield ind1="0" ind2="0" tag="d08"><marcx:subfield code="a">Rettet i forbindelse med indførelse af sorteringsdelfelter ved Mc-navne august 2005</marcx:subfield></marcx:datafield><marcx:datafield ind1="0" ind2="0" tag="n55"><marcx:subfield code="a">20050301</marcx:subfield></marcx:datafield><marcx:datafield ind1="0" ind2="0" tag="z99"><marcx:subfield code="a">pst</marcx:subfield></marcx:datafield></marcx:record></ting:localData>
</foxml:xmlContent>
</foxml:datastreamVersion>
</foxml:datastream>
<foxml:datastream ID="RELS-SYS" STATE="A" CONTROL_GROUP="X" VERSIONABLE="false">
<foxml:datastreamVersion ID="RELS-SYS.1" LABEL="" CREATED="2013-05-16T12:09:10.884Z" MIMETYPE="application/rdf+xml" SIZE="317">
<foxml:xmlContent>
<rdf:RDF xmlns:rdf="http://www.w3.org/1999/02/22-rdf-syntax-ns#">
  <rdf:Description rdf:about="info:fedora/870970-basis:24143627">
    <isMemberOfUnit xmlns="info:fedora/">unit:47962</isMemberOfUnit>
    <isPrimaryBibObjectFor xmlns="info:fedora/">unit:47962</isPrimaryBibObjectFor>
  </rdf:Description>
</rdf:RDF>
</foxml:xmlContent>
</foxml:datastreamVersion>
</foxml:datastream>
</foxml:digitalObject><ocn></ocn><holdingsServiceResponse><response>
<timestamp>2013-05-30 10:32:39.138</timestamp>
<pid>870970-basis:24143627</pid>
<result>
</result>
</response></holdingsServiceResponse></oclcRecord></oclcRecords>

</ns1:originalData>
<ns1:outputFormat>PLACEHOLDER</ns1:outputFormat>
   </ns1:formatRequest>
 </SOAP-ENV:Body>
</SOAP-ENV:Envelope>
